@inproceedings{shacham2007return,
  title={The geometry of innocent flesh on the bone: Return-into-libc without function calls (on the x86)},
  author={Shacham, Hovav},
  booktitle={Proceedings of the 14th ACM conference on Computer and communications security},
  pages={552--561},
  year={2007},
  organization={ACM}
}

@inproceedings{bittau2011hacking,
  title={Hacking blind},
  author={Bittau, Andrea and Belay, Adam and Mashtizadeh, Ali and Mazi{\`e}res, David and Terei, Dan},
  booktitle={2014 IEEE Symposium on Security and Privacy},
  pages={227--242},
  year={2014},
  organization={IEEE}
}

@inproceedings{shacham2004geometry,
  title={On the effectiveness of address-space randomization},
  author={Shacham, Hovav and Page, Matthew and Pfaff, Ben and Goh, Eu-Jin and Modadugu, Nagendra and Boneh, Dan},
  booktitle={Proceedings of the 11th ACM conference on Computer and communications security},
  pages={298--307},
  year={2004},
  organization={ACM}
}

@article{hilderman2007return,
  title={Return-oriented programming: Exploitation without code injection},
  author={Hilderman, Ryan and Hamilton, Thomas},
  journal={Black Hat DC},
  year={2008}
}

@book{erikson2008hacking,
  title={Hacking: the art of exploitation},
  author={Erickson, Jon},
  year={2008},
  publisher={No Starch Press}
}

@phdthesis{checkoway2011diversifying,
  title={Iago attacks: Why our security systems are broken from the ground up},
  author={Checkoway, Stephen},
  year={2011},
  school={UC San Diego}
}
@inproceedings{gilbert2002brewer,
  title={Brewer's conjecture and the feasibility of consistent, available, partition-tolerant web services},
  author={Gilbert, Seth and Lynch, Nancy},
  booktitle={ACM SIGACT News},
  volume={33},
  number={2},
  pages={51--59},
  year={2002},
  organization={ACM New York, NY, USA}
}

@inproceedings{corbett2012spanner,
  title={Spanner: Google's globally distributed database},
  author={Corbett, James C and Dean, Jeffrey and Epstein, Michael and Fikes, Andrew and Frost, Christopher and Furman, JJ and Ghemawat, Sanjay and Gubarev, Andrey and Heiser, Christopher and Hochschild, Peter and others},
  booktitle={Proceedings of the 10th USENIX Symposium on Operating Systems Design and Implementation (OSDI '12)},
  pages={251--264},
  year={2012}
}

@inproceedings{verbitski2017amazon,
  title={Amazon aurora: Design considerations for high throughput cloud-native relational databases},
  author={Verbitski, Alexandre and Gupta, Anurag and Saha, Debanjan and Brahmadesam, Murali and Kawasaki, Kamal and Ghemawat, Amit and Yagoub, Khalid and Karane, Amey},
  booktitle={Proceedings of the 2017 ACM International Conference on Management of Data (SIGMOD '17)},
  pages={1041--1052},
  year={2017}
}

@inproceedings{ongaro2014search,
  title={In search of an understandable consensus algorithm},
  author={Ongaro, Diego and Ousterhout, John},
  booktitle={2014 USENIX Annual Technical Conference (USENIX ATC 14)},
  pages={305--319},
  year={2014}
}

@misc{pingcap2020tidb,
    author = {{PingCAP}},
    title = {{TiDB: A Raft-based HTAP Database}},
    howpublished = {\url{https://pingcap.com/blog/tidb-a-raft-based-htap-database}},
    year = {2020},
    note = {Accessed: 2025-10-15}
}

@inproceedings{taft2020cockroachdb,
  title={CockroachDB: The resilient geo-distributed SQL database},
  author={Taft, Rebecca and Lomet, David and Shutt, Timothy and Lortz, Vivian and Hollenbach, John and Flinn, Stephen and Chen, Ben and Huang, Jordan and Zitelli, Brian and Kumar, Naveen and others},
  booktitle={Proceedings of the 2020 ACM SIGMOD International Conference on Management of Data},
  pages={1493--1509},
  year={2020}
}
